<?xml version='1.0' encoding='UTF-8'?>
<record xmlns="http://www.loc.gov/MARC21/slim">
  <leader>00954cam a22002411  4500</leader>
  <controlfield tag="001">2957689</controlfield>
  <controlfield tag="003">NjP</controlfield>
  <controlfield tag="005">20171109165455.0</controlfield>
  <controlfield tag="008">900410s1964    iq a          000 0 ara  </controlfield>
  <datafield tag="024" ind1="7" ind2=" ">
    <subfield code="a">princeton_aco002564</subfield>
    <subfield code="2">local</subfield>
  </datafield>
  <datafield ind1=" " ind2=" " tag="010">
    <subfield code="a">ne 65000173 </subfield>
  </datafield>
  <datafield ind1=" " ind2=" " tag="035">
    <subfield code="a">(CStRLIN)DCGGB15350125-B</subfield>
  </datafield>
  <datafield ind1=" " ind2=" " tag="035">
    <subfield code="9">CPK0090TS</subfield>
  </datafield>
  <datafield ind1=" " ind2=" " tag="040">
    <subfield code="d">NjP</subfield>
  </datafield>
  <datafield ind1="1" ind2=" " tag="100">
    <subfield code="a">ʻAbbāsī, ʻAbd al-Qādir Bāsh Aʻyān,</subfield>
    <subfield code="d">1894 or 1895-</subfield>
    <subfield code="0">http://id.loc.gov/authorities/names/nr95036932</subfield>
  </datafield>
  <datafield ind1="1" ind2="3" tag="245">
    <subfield code="a">al-Nakhlah, sayyidat al-shajar /</subfield>
    <subfield code="c">taʼlīf ʻAbd al-Qādir Bāsh Aʻyān ʻAbbāsī.</subfield>
  </datafield>
  <datafield ind1="1" ind2=" " tag="246">
    <subfield code="a">Palm, head of trees</subfield>
  </datafield>
  <datafield ind1=" " ind2=" " tag="260">
    <subfield code="a">Baghdād :</subfield>
    <subfield code="b">Maṭbaʻat Dār al-Baṣrī,</subfield>
    <subfield code="c">1964.</subfield>
  </datafield>
  <datafield ind1=" " ind2=" " tag="300">
    <subfield code="a">148 p. :</subfield>
    <subfield code="b">ill. ;</subfield>
    <subfield code="c">23 cm.</subfield>
  </datafield>
  <datafield ind1=" " ind2=" " tag="500">
    <subfield code="a">Cover title: Palm, head of trees, by Abdul Qadir Bash ʼAʻayan-al-ʻAbbasi.</subfield>
  </datafield>
  <datafield ind1=" " ind2="0" tag="650">
    <subfield code="a">Date palm.</subfield>
    <subfield code="0">http://id.loc.gov/authorities/subjects/sh85035878</subfield>
  </datafield>
  <datafield ind1=" " ind2=" " tag="948">
    <subfield code="a">jab/con</subfield>
  </datafield>
  <datafield ind1=" " ind2=" " tag="911">
    <subfield code="a">20000407</subfield>
  </datafield>
  <datafield ind1=" " ind2=" " tag="912">
    <subfield code="a">20000407034903.0</subfield>
  </datafield>
  <datafield ind1="0" ind2="0" tag="852">
    <subfield code="0">3272537</subfield>
    <subfield code="b">nec</subfield>
    <subfield code="t">1</subfield>
    <subfield code="h">SB364</subfield>
    <subfield code="i">.A233 1964</subfield>
  </datafield>
  <datafield ind1=" " ind2=" " tag="959">
    <subfield code="a">2009-06-29 11:41:55 -0500</subfield>
  </datafield>
</record>
